Trade_Time,Price_USD,Volume_BTC,Symbol
2025-09-29 23:58:10.639,114296.3,0.005,BTCUSDT
2025-09-29 23:58:10.841,114296.3,0.09,BTCUSDT
2025-09-29 23:58:10.843,114296.3,0.042,BTCUSDT
2025-09-29 23:58:11.027,114296.2,0.001,BTCUSDT
2025-09-29 23:58:11.166,114296.3,0.008,BTCUSDT
2025-09-29 23:58:11.720,114296.2,0.087,BTCUSDT
2025-09-29 23:58:11.804,114296.3,0.042,BTCUSDT
2025-09-29 23:58:11.864,114296.3,0.013,BTCUSDT
2025-09-29 23:58:12.475,114296.3,0.019,BTCUSDT
2025-09-29 23:58:12.837,114296.3,0.042,BTCUSDT
2025-09-29 23:58:13.811,114296.3,0.042,BTCUSDT
2025-09-29 23:58:14.767,114296.3,0.043,BTCUSDT
2025-09-29 23:58:15.820,114296.3,0.043,BTCUSDT
2025-09-29 23:58:16.395,114296.2,0.001,BTCUSDT
2025-09-29 23:58:16.506,114296.3,0.001,BTCUSDT
2025-09-29 23:58:16.506,114296.3,0.027,BTCUSDT
2025-09-29 23:58:16.762,114296.3,0.043,BTCUSDT
2025-09-29 23:58:17.141,114296.3,0.01,BTCUSDT
2025-09-29 23:58:17.360,114296.2,0.001,BTCUSDT
2025-09-29 23:58:17.617,114296.2,0.092,BTCUSDT
2025-09-29 23:58:17.772,114296.3,0.043,BTCUSDT
2025-09-29 23:58:18.596,114296.3,0.009,BTCUSDT
2025-09-29 23:58:18.777,114296.3,0.043,BTCUSDT
2025-09-29 23:58:18.798,114296.2,0.001,BTCUSDT
2025-09-29 23:58:18.806,114296.3,0.003,BTCUSDT
2025-09-29 23:58:19.602,114296.3,0.052,BTCUSDT
2025-09-29 23:58:19.602,114296.3,0.003,BTCUSDT
2025-09-29 23:58:19.602,114296.3,0.177,BTCUSDT
2025-09-29 23:58:19.602,114296.3,0.053,BTCUSDT
2025-09-29 23:58:19.602,114296.3,0.069,BTCUSDT
2025-09-29 23:58:19.602,114296.3,0.125,BTCUSDT
2025-09-29 23:58:19.602,114296.3,0.037,BTCUSDT
2025-09-29 23:58:19.602,114296.3,0.001,BTCUSDT
2025-09-29 23:58:19.602,114296.3,0.009,BTCUSDT
2025-09-29 23:58:19.602,114296.3,0.009,BTCUSDT
2025-09-29 23:58:19.602,114296.3,0.033,BTCUSDT
2025-09-29 23:58:19.602,114296.3,0.001,BTCUSDT
2025-09-29 23:58:19.602,114296.3,0.001,BTCUSDT
2025-09-29 23:58:19.602,114296.3,0.001,BTCUSDT
2025-09-29 23:58:19.602,114296.3,0.001,BTCUSDT
2025-09-29 23:58:19.602,114296.3,0.015,BTCUSDT
2025-09-29 23:58:19.602,114296.3,0.034,BTCUSDT
2025-09-29 23:58:19.602,114296.3,0.485,BTCUSDT
2025-09-29 23:58:19.602,114296.3,0.085,BTCUSDT
2025-09-29 23:58:19.602,114296.3,0.001,BTCUSDT
2025-09-29 23:58:19.602,114296.3,0.005,BTCUSDT
2025-09-29 23:58:19.602,114296.3,0.014,BTCUSDT
2025-09-29 23:58:19.602,114296.3,0.033,BTCUSDT
2025-09-29 23:58:19.602,114296.3,0.064,BTCUSDT
2025-09-29 23:58:19.602,114296.3,0.5,BTCUSDT
2025-09-29 23:58:19.602,114296.3,0.014,BTCUSDT
2025-09-29 23:58:19.602,114296.3,0.001,BTCUSDT
2025-09-29 23:58:19.602,114296.3,0.003,BTCUSDT
2025-09-29 23:58:19.602,114296.3,0.003,BTCUSDT
2025-09-29 23:58:19.602,114296.3,0.069,BTCUSDT
2025-09-29 23:58:19.602,114296.3,0.028,BTCUSDT
2025-09-29 23:58:19.602,114296.3,0.001,BTCUSDT
2025-09-29 23:58:19.602,114296.3,0.004,BTCUSDT
2025-09-29 23:58:19.602,114296.3,0.449,BTCUSDT
2025-09-29 23:58:19.602,114296.3,0.643,BTCUSDT
2025-09-29 23:58:19.602,114296.3,0.97,BTCUSDT
2025-09-29 23:58:19.602,114296.3,0.002,BTCUSDT
2025-09-29 23:58:19.602,114296.3,0.004,BTCUSDT
2025-09-29 23:58:19.602,114296.3,0.299,BTCUSDT
2025-09-29 23:58:19.602,114296.3,0.002,BTCUSDT
2025-09-29 23:58:19.602,114296.3,0.032,BTCUSDT
2025-09-29 23:58:19.602,114296.3,0.001,BTCUSDT
2025-09-29 23:58:19.602,114296.4,0.001,BTCUSDT
2025-09-29 23:58:19.602,114296.4,0.001,BTCUSDT
2025-09-29 23:58:19.602,114296.4,0.001,BTCUSDT
2025-09-29 23:58:19.602,114296.4,0.002,BTCUSDT
2025-09-29 23:58:19.602,114296.4,0.065,BTCUSDT
2025-09-29 23:58:19.602,114296.5,0.002,BTCUSDT
2025-09-29 23:58:19.602,114296.5,0.002,BTCUSDT
2025-09-29 23:58:19.602,114296.7,0.027,BTCUSDT
2025-09-29 23:58:19.602,114296.8,0.002,BTCUSDT
2025-09-29 23:58:19.602,114297.2,0.002,BTCUSDT
2025-09-29 23:58:19.602,114297.2,0.087,BTCUSDT
2025-09-29 23:58:19.602,114297.3,0.001,BTCUSDT
2025-09-29 23:58:19.602,114297.6,0.002,BTCUSDT
2025-09-29 23:58:19.602,114298.1,0.002,BTCUSDT
2025-09-29 23:58:19.602,114298.4,0.01,BTCUSDT
2025-09-29 23:58:19.602,114298.7,0.002,BTCUSDT
2025-09-29 23:58:19.602,114298.8,0.001,BTCUSDT
2025-09-29 23:58:19.602,114298.8,0.002,BTCUSDT
2025-09-29 23:58:19.602,114299.0,0.073,BTCUSDT
2025-09-29 23:58:19.602,114299.1,0.001,BTCUSDT
2025-09-29 23:58:19.602,114299.2,0.005,BTCUSDT
2025-09-29 23:58:19.602,114299.3,0.002,BTCUSDT
2025-09-29 23:58:19.602,114299.5,0.001,BTCUSDT
2025-09-29 23:58:19.602,114299.5,0.002,BTCUSDT
2025-09-29 23:58:19.602,114299.5,0.004,BTCUSDT
2025-09-29 23:58:19.602,114299.6,0.001,BTCUSDT
2025-09-29 23:58:19.602,114299.7,0.533,BTCUSDT
2025-09-29 23:58:19.602,114299.7,0.001,BTCUSDT
2025-09-29 23:58:19.602,114299.9,0.002,BTCUSDT
2025-09-29 23:58:19.602,114300.0,1.277,BTCUSDT
2025-09-29 23:58:19.602,114300.0,0.1,BTCUSDT
2025-09-29 23:58:19.602,114300.0,0.004,BTCUSDT
2025-09-29 23:58:19.602,114300.0,0.1,BTCUSDT
2025-09-29 23:58:19.602,114300.0,0.005,BTCUSDT
2025-09-29 23:58:19.602,114300.0,0.001,BTCUSDT
2025-09-29 23:58:19.602,114300.0,0.086,BTCUSDT
2025-09-29 23:58:19.602,114300.0,0.026,BTCUSDT
2025-09-29 23:58:19.602,114300.0,0.01,BTCUSDT
2025-09-29 23:58:19.602,114300.0,0.087,BTCUSDT
2025-09-29 23:58:19.602,114300.0,0.01,BTCUSDT
2025-09-29 23:58:19.602,114300.0,0.051,BTCUSDT
2025-09-29 23:58:19.602,114300.0,0.002,BTCUSDT
2025-09-29 23:58:19.602,114300.0,0.01,BTCUSDT
2025-09-29 23:58:19.602,114300.0,0.021,BTCUSDT
2025-09-29 23:58:19.602,114300.0,0.035,BTCUSDT
2025-09-29 23:58:19.602,114300.0,0.001,BTCUSDT
2025-09-29 23:58:19.602,114300.0,0.03,BTCUSDT
2025-09-29 23:58:19.602,114300.0,0.144,BTCUSDT
2025-09-29 23:58:19.602,114300.0,0.004,BTCUSDT
2025-09-29 23:58:19.602,114300.0,0.006,BTCUSDT
2025-09-29 23:58:19.602,114300.0,0.043,BTCUSDT
2025-09-29 23:58:19.602,114300.0,0.001,BTCUSDT
2025-09-29 23:58:19.602,114300.0,0.013,BTCUSDT
2025-09-29 23:58:19.602,114300.0,0.001,BTCUSDT
2025-09-29 23:58:19.602,114300.0,0.001,BTCUSDT
2025-09-29 23:58:19.602,114300.0,0.048,BTCUSDT
2025-09-29 23:58:19.602,114300.0,0.002,BTCUSDT
2025-09-29 23:58:19.602,114300.0,0.052,BTCUSDT
2025-09-29 23:58:19.602,114300.0,0.001,BTCUSDT
2025-09-29 23:58:19.603,114300.0,1.0,BTCUSDT
2025-09-29 23:58:19.603,114300.0,0.002,BTCUSDT
2025-09-29 23:58:19.603,114300.0,0.007,BTCUSDT
2025-09-29 23:58:19.603,114300.0,0.001,BTCUSDT
2025-09-29 23:58:19.603,114300.0,0.001,BTCUSDT
2025-09-29 23:58:19.603,114300.0,0.001,BTCUSDT
2025-09-29 23:58:19.603,114300.0,0.002,BTCUSDT
2025-09-29 23:58:19.603,114300.3,0.002,BTCUSDT
2025-09-29 23:58:19.603,114300.6,0.002,BTCUSDT
2025-09-29 23:58:19.603,114300.8,0.008,BTCUSDT
2025-09-29 23:58:19.603,114301.0,0.002,BTCUSDT
2025-09-29 23:58:19.603,114301.2,0.002,BTCUSDT
2025-09-29 23:58:19.603,114301.3,0.001,BTCUSDT
2025-09-29 23:58:19.603,114301.6,0.001,BTCUSDT
2025-09-29 23:58:19.603,114301.7,0.046,BTCUSDT
2025-09-29 23:58:19.603,114301.8,0.001,BTCUSDT
2025-09-29 23:58:19.603,114301.8,0.002,BTCUSDT
2025-09-29 23:58:19.603,114301.9,0.001,BTCUSDT
2025-09-29 23:58:19.603,114302.0,0.041,BTCUSDT
2025-09-29 23:58:19.603,114302.1,0.001,BTCUSDT
2025-09-29 23:58:19.603,114302.1,0.002,BTCUSDT
2025-09-29 23:58:19.603,114302.1,0.001,BTCUSDT
2025-09-29 23:58:19.603,114302.4,0.002,BTCUSDT
2025-09-29 23:58:19.603,114302.7,0.018,BTCUSDT
2025-09-29 23:58:19.603,114302.9,0.001,BTCUSDT
2025-09-29 23:58:19.603,114302.9,0.003,BTCUSDT
2025-09-29 23:58:19.603,114303.0,0.002,BTCUSDT
2025-09-29 23:58:19.603,114303.2,0.002,BTCUSDT
2025-09-29 23:58:19.603,114303.3,0.001,BTCUSDT
2025-09-29 23:58:19.603,114303.6,0.002,BTCUSDT
2025-09-29 23:58:19.603,114303.6,0.005,BTCUSDT
2025-09-29 23:58:19.603,114303.8,0.002,BTCUSDT
2025-09-29 23:58:19.603,114304.1,0.002,BTCUSDT
2025-09-29 23:58:19.603,114304.2,0.001,BTCUSDT
2025-09-29 23:58:19.603,114304.2,0.002,BTCUSDT
2025-09-29 23:58:19.603,114304.3,0.002,BTCUSDT
2025-09-29 23:58:19.603,114304.5,0.027,BTCUSDT
2025-09-29 23:58:19.603,114304.6,0.05,BTCUSDT
2025-09-29 23:58:19.603,114304.7,0.002,BTCUSDT
2025-09-29 23:58:19.603,114304.8,0.002,BTCUSDT
2025-09-29 23:58:19.603,114304.8,0.001,BTCUSDT
2025-09-29 23:58:19.603,114304.8,0.006,BTCUSDT
2025-09-29 23:58:19.603,114304.8,0.009,BTCUSDT
2025-09-29 23:58:19.603,114305.0,0.001,BTCUSDT
2025-09-29 23:58:19.603,114305.0,0.001,BTCUSDT
2025-09-29 23:58:19.603,114305.1,0.048,BTCUSDT
2025-09-29 23:58:19.603,114305.1,0.001,BTCUSDT
2025-09-29 23:58:19.603,114305.2,0.001,BTCUSDT
2025-09-29 23:58:19.603,114305.3,0.002,BTCUSDT
2025-09-29 23:58:19.603,114305.3,0.077,BTCUSDT
2025-09-29 23:58:19.603,114305.4,0.001,BTCUSDT
2025-09-29 23:58:19.603,114305.4,0.002,BTCUSDT
2025-09-29 23:58:19.603,114305.4,0.002,BTCUSDT
2025-09-29 23:58:19.603,114305.7,0.001,BTCUSDT
2025-09-29 23:58:19.603,114305.8,0.002,BTCUSDT
2025-09-29 23:58:19.603,114306.0,0.002,BTCUSDT
2025-09-29 23:58:19.603,114306.0,0.001,BTCUSDT
2025-09-29 23:58:19.603,114306.0,0.001,BTCUSDT
2025-09-29 23:58:19.603,114306.0,0.001,BTCUSDT
2025-09-29 23:58:19.603,114306.0,0.001,BTCUSDT
2025-09-29 23:58:19.603,114306.3,0.001,BTCUSDT
2025-09-29 23:58:19.603,114306.5,0.002,BTCUSDT
2025-09-29 23:58:19.603,114306.5,0.001,BTCUSDT
2025-09-29 23:58:19.603,114306.6,0.002,BTCUSDT
2025-09-29 23:58:19.603,114306.7,0.001,BTCUSDT
2025-09-29 23:58:19.603,114306.8,0.002,BTCUSDT
2025-09-29 23:58:19.603,114306.8,0.002,BTCUSDT
2025-09-29 23:58:19.603,114307.2,0.001,BTCUSDT
2025-09-29 23:58:19.603,114307.2,0.002,BTCUSDT
2025-09-29 23:58:19.603,114307.3,0.002,BTCUSDT
2025-09-29 23:58:19.603,114307.3,0.735,BTCUSDT
2025-09-29 23:58:19.603,114307.4,0.442,BTCUSDT
2025-09-29 23:58:19.603,114307.4,0.002,BTCUSDT
2025-09-29 23:58:19.603,114307.5,0.03,BTCUSDT
2025-09-29 23:58:19.603,114307.5,0.441,BTCUSDT
2025-09-29 23:58:19.603,114307.6,0.001,BTCUSDT
2025-09-29 23:58:19.603,114307.6,0.001,BTCUSDT
2025-09-29 23:58:19.603,114307.6,0.001,BTCUSDT
2025-09-29 23:58:19.603,114307.6,0.065,BTCUSDT
2025-09-29 23:58:19.603,114307.6,0.029,BTCUSDT
2025-09-29 23:58:19.603,114307.7,0.022,BTCUSDT
2025-09-29 23:58:19.603,114307.7,0.017,BTCUSDT
2025-09-29 23:58:19.603,114307.8,0.002,BTCUSDT
2025-09-29 23:58:19.603,114307.8,0.002,BTCUSDT
2025-09-29 23:58:19.603,114307.9,0.965,BTCUSDT
2025-09-29 23:58:19.603,114308.1,0.001,BTCUSDT
2025-09-29 23:58:19.603,114308.4,0.001,BTCUSDT
2025-09-29 23:58:19.603,114308.4,0.002,BTCUSDT
2025-09-29 23:58:19.603,114308.4,0.002,BTCUSDT
2025-09-29 23:58:19.603,114308.6,0.003,BTCUSDT
2025-09-29 23:58:19.603,114308.6,0.001,BTCUSDT
2025-09-29 23:58:19.603,114308.7,0.001,BTCUSDT
2025-09-29 23:58:19.603,114308.7,0.002,BTCUSDT
2025-09-29 23:58:19.603,114309.0,0.002,BTCUSDT
2025-09-29 23:58:19.603,114309.1,0.001,BTCUSDT
2025-09-29 23:58:19.603,114309.2,0.029,BTCUSDT
2025-09-29 23:58:19.603,114309.3,1.434,BTCUSDT
2025-09-29 23:58:19.603,114309.5,0.002,BTCUSDT
2025-09-29 23:58:19.603,114309.5,0.184,BTCUSDT
2025-09-29 23:58:19.603,114309.6,0.002,BTCUSDT
2025-09-29 23:58:19.603,114309.6,1.225,BTCUSDT
2025-09-29 23:58:19.603,114309.7,0.001,BTCUSDT
2025-09-29 23:58:19.603,114309.7,0.443,BTCUSDT
2025-09-29 23:58:19.603,114309.7,0.03,BTCUSDT
2025-09-29 23:58:19.603,114309.7,0.007,BTCUSDT
2025-09-29 23:58:19.603,114309.8,0.002,BTCUSDT
2025-09-29 23:58:19.603,114309.8,0.435,BTCUSDT
2025-09-29 23:58:19.603,114309.8,0.003,BTCUSDT
2025-09-29 23:58:19.603,114310.0,0.006,BTCUSDT
2025-09-29 23:58:19.603,114310.0,0.001,BTCUSDT
2025-09-29 23:58:19.603,114310.0,0.001,BTCUSDT
2025-09-29 23:58:19.603,114310.0,0.001,BTCUSDT
2025-09-29 23:58:19.603,114310.0,0.003,BTCUSDT
2025-09-29 23:58:19.603,114310.0,0.003,BTCUSDT
2025-09-29 23:58:19.603,114310.0,0.003,BTCUSDT
2025-09-29 23:58:19.603,114310.0,0.003,BTCUSDT
2025-09-29 23:58:19.603,114310.1,0.002,BTCUSDT
2025-09-29 23:58:19.603,114310.1,0.001,BTCUSDT
2025-09-29 23:58:19.603,114310.1,0.001,BTCUSDT
2025-09-29 23:58:19.603,114310.2,0.002,BTCUSDT
2025-09-29 23:58:19.603,114310.3,0.002,BTCUSDT
2025-09-29 23:58:19.603,114310.4,0.05,BTCUSDT
2025-09-29 23:58:19.603,114310.8,0.014,BTCUSDT
2025-09-29 23:58:19.603,114310.8,0.002,BTCUSDT
2025-09-29 23:58:19.603,114310.9,0.087,BTCUSDT
2025-09-29 23:58:19.603,114310.9,0.001,BTCUSDT
2025-09-29 23:58:19.603,114311.0,0.001,BTCUSDT
2025-09-29 23:58:19.603,114311.0,0.002,BTCUSDT
2025-09-29 23:58:19.603,114311.0,0.249,BTCUSDT
2025-09-29 23:58:19.603,114311.1,0.064,BTCUSDT
2025-09-29 23:58:19.603,114311.3,0.008,BTCUSDT
2025-09-29 23:58:19.603,114311.3,0.001,BTCUSDT
2025-09-29 23:58:19.603,114311.3,0.002,BTCUSDT
2025-09-29 23:58:19.603,114311.3,1.718,BTCUSDT
2025-09-29 23:58:19.603,114311.4,0.002,BTCUSDT
2025-09-29 23:58:19.603,114311.4,0.001,BTCUSDT
2025-09-29 23:58:19.603,114311.6,0.032,BTCUSDT
2025-09-29 23:58:19.603,114311.6,0.005,BTCUSDT
2025-09-29 23:58:19.603,114311.6,0.464,BTCUSDT
2025-09-29 23:58:19.603,114311.8,0.001,BTCUSDT
2025-09-29 23:58:19.603,114312.0,0.361,BTCUSDT
2025-09-29 23:58:19.603,114312.0,0.002,BTCUSDT
2025-09-29 23:58:19.603,114312.0,0.001,BTCUSDT
2025-09-29 23:58:19.603,114312.1,0.001,BTCUSDT
2025-09-29 23:58:19.603,114312.1,0.002,BTCUSDT
2025-09-29 23:58:19.603,114312.1,0.875,BTCUSDT
2025-09-29 23:58:19.603,114312.1,0.02,BTCUSDT
2025-09-29 23:58:19.603,114312.2,0.583,BTCUSDT
2025-09-29 23:58:19.603,114312.2,0.03,BTCUSDT
2025-09-29 23:58:19.603,114312.3,0.001,BTCUSDT
2025-09-29 23:58:19.603,114312.3,4.377,BTCUSDT
2025-09-29 23:58:19.603,114312.5,0.002,BTCUSDT
2025-09-29 23:58:19.603,114312.6,0.001,BTCUSDT
2025-09-29 23:58:19.603,114312.6,0.002,BTCUSDT
2025-09-29 23:58:19.603,114313.0,0.001,BTCUSDT
2025-09-29 23:58:19.603,114313.1,0.001,BTCUSDT
2025-09-29 23:58:19.603,114313.1,0.131,BTCUSDT
2025-09-29 23:58:19.603,114313.1,0.08,BTCUSDT
2025-09-29 23:58:19.603,114313.2,0.002,BTCUSDT
2025-09-29 23:58:19.603,114313.2,0.002,BTCUSDT
2025-09-29 23:58:19.603,114313.2,0.007,BTCUSDT
2025-09-29 23:58:19.603,114313.3,0.002,BTCUSDT
2025-09-29 23:58:19.603,114313.3,0.001,BTCUSDT
2025-09-29 23:58:19.603,114313.3,0.002,BTCUSDT
2025-09-29 23:58:19.603,114313.3,0.001,BTCUSDT
2025-09-29 23:58:19.603,114313.4,0.001,BTCUSDT
2025-09-29 23:58:19.603,114313.4,1.313,BTCUSDT
2025-09-29 23:58:19.603,114313.5,0.001,BTCUSDT
2025-09-29 23:58:19.603,114313.5,0.001,BTCUSDT
2025-09-29 23:58:19.603,114313.5,1.225,BTCUSDT
2025-09-29 23:58:19.603,114313.5,0.012,BTCUSDT
2025-09-29 23:58:19.603,114313.7,0.002,BTCUSDT
2025-09-29 23:58:19.603,114313.7,0.026,BTCUSDT
2025-09-29 23:58:19.603,114313.7,0.05,BTCUSDT
2025-09-29 23:58:19.603,114313.7,0.006,BTCUSDT
2025-09-29 23:58:19.603,114313.7,0.137,BTCUSDT
2025-09-29 23:58:19.603,114313.7,0.002,BTCUSDT
2025-09-29 23:58:19.603,114313.8,0.002,BTCUSDT
2025-09-29 23:58:19.603,114313.8,1.131,BTCUSDT
2025-09-29 23:58:19.603,114313.8,0.184,BTCUSDT
2025-09-29 23:58:19.603,114313.8,0.768,BTCUSDT
2025-09-29 23:58:19.603,114313.8,0.002,BTCUSDT
2025-09-29 23:58:19.603,114313.9,1.5,BTCUSDT
2025-09-29 23:58:19.603,114313.9,0.025,BTCUSDT
2025-09-29 23:58:19.603,114313.9,0.002,BTCUSDT
2025-09-29 23:58:19.603,114313.9,0.16,BTCUSDT
2025-09-29 23:58:19.603,114313.9,0.08,BTCUSDT
2025-09-29 23:58:19.603,114313.9,0.04,BTCUSDT
2025-09-29 23:58:19.603,114313.9,0.32,BTCUSDT
2025-09-29 23:58:19.603,114314.3,0.002,BTCUSDT
2025-09-29 23:58:19.603,114314.3,0.001,BTCUSDT
2025-09-29 23:58:19.603,114314.3,0.003,BTCUSDT
2025-09-29 23:58:19.603,114314.4,0.002,BTCUSDT
2025-09-29 23:58:19.603,114314.5,0.001,BTCUSDT
2025-09-29 23:58:19.603,114314.5,0.6,BTCUSDT
2025-09-29 23:58:19.603,114314.6,0.06,BTCUSDT
2025-09-29 23:58:19.603,114314.6,0.018,BTCUSDT
2025-09-29 23:58:19.603,114314.6,1.0,BTCUSDT
2025-09-29 23:58:19.603,114314.9,0.002,BTCUSDT
2025-09-29 23:58:19.603,114315.0,0.009,BTCUSDT
2025-09-29 23:58:19.603,114315.0,0.009,BTCUSDT
2025-09-29 23:58:19.603,114315.0,0.002,BTCUSDT
2025-09-29 23:58:19.603,114315.0,0.001,BTCUSDT
2025-09-29 23:58:19.603,114315.0,0.001,BTCUSDT
2025-09-29 23:58:19.603,114315.2,0.001,BTCUSDT
2025-09-29 23:58:19.603,114315.3,0.001,BTCUSDT
2025-09-29 23:58:19.603,114315.4,0.001,BTCUSDT
2025-09-29 23:58:19.603,114315.5,0.006,BTCUSDT
2025-09-29 23:58:19.603,114315.5,0.006,BTCUSDT
2025-09-29 23:58:19.603,114315.6,0.001,BTCUSDT
2025-09-29 23:58:19.603,114315.6,0.002,BTCUSDT
2025-09-29 23:58:19.603,114315.8,1.313,BTCUSDT
2025-09-29 23:58:19.603,114315.9,0.056,BTCUSDT
2025-09-29 23:58:19.603,114315.9,0.002,BTCUSDT
2025-09-29 23:58:19.603,114315.9,0.002,BTCUSDT
2025-09-29 23:58:19.603,114316.0,0.002,BTCUSDT
2025-09-29 23:58:19.603,114316.0,0.032,BTCUSDT
2025-09-29 23:58:19.603,114316.0,1.313,BTCUSDT
2025-09-29 23:58:19.603,114316.0,0.006,BTCUSDT
2025-09-29 23:58:19.603,114316.2,0.002,BTCUSDT
2025-09-29 23:58:19.603,114316.4,0.001,BTCUSDT
2025-09-29 23:58:19.603,114316.6,0.001,BTCUSDT
2025-09-29 23:58:19.603,114316.6,0.048,BTCUSDT
2025-09-29 23:58:19.603,114316.7,0.002,BTCUSDT
2025-09-29 23:58:19.603,114316.7,0.096,BTCUSDT
2025-09-29 23:58:19.603,114316.8,0.002,BTCUSDT
2025-09-29 23:58:19.603,114316.8,0.128,BTCUSDT
2025-09-29 23:58:19.603,114316.8,0.7,BTCUSDT
2025-09-29 23:58:19.603,114316.8,1.486,BTCUSDT
2025-09-29 23:58:19.603,114316.9,0.001,BTCUSDT
2025-09-29 23:58:19.603,114316.9,0.002,BTCUSDT
2025-09-29 23:58:19.603,114316.9,0.042,BTCUSDT
2025-09-29 23:58:19.603,114316.9,0.065,BTCUSDT
2025-09-29 23:58:19.603,114316.9,0.046,BTCUSDT
2025-09-29 23:58:19.603,114317.0,0.001,BTCUSDT
2025-09-29 23:58:19.603,114317.0,0.001,BTCUSDT
2025-09-29 23:58:19.603,114317.0,0.08,BTCUSDT
2025-09-29 23:58:19.603,114317.1,2.087,BTCUSDT
2025-09-29 23:58:19.603,114317.2,0.001,BTCUSDT
2025-09-29 23:58:19.603,114317.4,0.002,BTCUSDT
2025-09-29 23:58:19.603,114317.5,0.017,BTCUSDT
2025-09-29 23:58:19.603,114317.6,1.313,BTCUSDT
2025-09-29 23:58:19.603,114317.6,0.002,BTCUSDT
2025-09-29 23:58:19.604,114317.7,0.985,BTCUSDT
2025-09-29 23:58:19.604,114317.7,0.001,BTCUSDT
2025-09-29 23:58:19.604,114317.8,0.04,BTCUSDT
2025-09-29 23:58:19.604,114317.8,0.052,BTCUSDT
2025-09-29 23:58:19.604,114317.8,0.044,BTCUSDT
2025-09-29 23:58:19.604,114317.8,0.24,BTCUSDT
2025-09-29 23:58:19.604,114317.8,0.26,BTCUSDT
2025-09-29 23:58:19.604,114317.8,0.24,BTCUSDT
2025-09-29 23:58:19.604,114317.9,0.184,BTCUSDT
2025-09-29 23:58:19.604,114317.9,0.05,BTCUSDT
2025-09-29 23:58:19.604,114318.0,0.001,BTCUSDT
2025-09-29 23:58:19.604,114318.0,0.002,BTCUSDT
2025-09-29 23:58:19.604,114318.0,0.385,BTCUSDT
2025-09-29 23:58:19.604,114318.0,0.001,BTCUSDT
2025-09-29 23:58:19.604,114318.0,0.002,BTCUSDT
2025-09-29 23:58:19.604,114318.0,0.045,BTCUSDT
2025-09-29 23:58:19.604,114318.0,0.008,BTCUSDT
2025-09-29 23:58:19.604,114318.0,0.044,BTCUSDT
2025-09-29 23:58:19.604,114318.1,0.011,BTCUSDT
2025-09-29 23:58:19.604,114318.1,0.01,BTCUSDT
2025-09-29 23:58:19.604,114318.1,0.005,BTCUSDT
2025-09-29 23:58:19.604,114318.1,0.08,BTCUSDT
2025-09-29 23:58:19.604,114318.1,0.088,BTCUSDT
2025-09-29 23:58:19.604,114318.1,0.005,BTCUSDT
2025-09-29 23:58:19.604,114318.2,0.001,BTCUSDT
2025-09-29 23:58:19.604,114318.2,0.088,BTCUSDT
2025-09-29 23:58:19.604,114318.4,0.002,BTCUSDT
2025-09-29 23:58:19.604,114318.4,0.005,BTCUSDT
2025-09-29 23:58:19.604,114318.5,0.921,BTCUSDT
2025-09-29 23:58:19.604,114318.5,0.03,BTCUSDT
2025-09-29 23:58:19.604,114318.5,0.005,BTCUSDT
2025-09-29 23:58:19.604,114318.6,0.001,BTCUSDT
2025-09-29 23:58:19.604,114318.6,0.002,BTCUSDT
2025-09-29 23:58:19.604,114318.6,0.001,BTCUSDT
2025-09-29 23:58:19.604,114318.7,0.001,BTCUSDT
2025-09-29 23:58:19.604,114318.8,0.35,BTCUSDT
2025-09-29 23:58:19.604,114318.9,0.052,BTCUSDT
2025-09-29 23:58:19.604,114318.9,0.044,BTCUSDT
2025-09-29 23:58:19.604,114318.9,0.2,BTCUSDT
2025-09-29 23:58:19.604,114318.9,0.044,BTCUSDT
2025-09-29 23:58:19.604,114318.9,0.24,BTCUSDT
2025-09-29 23:58:19.604,114319.0,0.479,BTCUSDT
2025-09-29 23:58:19.604,114319.0,0.002,BTCUSDT
2025-09-29 23:58:19.604,114319.0,0.026,BTCUSDT
2025-09-29 23:58:19.604,114319.0,0.088,BTCUSDT
2025-09-29 23:58:19.604,114319.0,0.08,BTCUSDT
2025-09-29 23:58:19.604,114319.0,0.044,BTCUSDT
2025-09-29 23:58:19.604,114319.1,0.002,BTCUSDT
2025-09-29 23:58:19.604,114319.1,0.042,BTCUSDT
2025-09-29 23:58:19.604,114319.1,0.08,BTCUSDT
2025-09-29 23:58:19.604,114319.1,0.08,BTCUSDT
2025-09-29 23:58:19.604,114319.1,0.061,BTCUSDT
2025-09-29 23:58:19.604,114319.2,0.022,BTCUSDT
2025-09-29 23:58:19.604,114319.2,0.001,BTCUSDT
2025-09-29 23:58:19.604,114319.2,0.002,BTCUSDT
2025-09-29 23:58:19.604,114319.2,0.016,BTCUSDT
2025-09-29 23:58:19.604,114319.2,0.001,BTCUSDT
2025-09-29 23:58:19.604,114319.2,0.001,BTCUSDT
2025-09-29 23:58:19.604,114319.4,0.174,BTCUSDT
2025-09-29 23:58:19.604,114319.5,0.002,BTCUSDT
2025-09-29 23:58:19.604,114319.5,0.002,BTCUSDT
2025-09-29 23:58:19.604,114319.5,0.955,BTCUSDT
2025-09-29 23:58:19.604,114319.5,0.002,BTCUSDT
2025-09-29 23:58:19.604,114319.5,0.023,BTCUSDT
2025-09-29 23:58:19.604,114319.5,0.001,BTCUSDT
2025-09-29 23:58:19.604,114319.5,0.08,BTCUSDT
2025-09-29 23:58:19.604,114319.5,0.052,BTCUSDT
2025-09-29 23:58:19.604,114319.6,0.067,BTCUSDT
2025-09-29 23:58:19.604,114319.8,0.001,BTCUSDT
2025-09-29 23:58:19.604,114319.8,0.007,BTCUSDT
2025-09-29 23:58:19.604,114319.8,0.002,BTCUSDT
2025-09-29 23:58:19.604,114319.8,0.002,BTCUSDT
2025-09-29 23:58:19.604,114319.8,0.005,BTCUSDT
2025-09-29 23:58:19.604,114319.9,0.457,BTCUSDT
2025-09-29 23:58:19.604,114319.9,0.002,BTCUSDT
2025-09-29 23:58:19.604,114320.0,0.001,BTCUSDT
2025-09-29 23:58:19.604,114320.0,0.002,BTCUSDT
2025-09-29 23:58:19.604,114320.0,0.001,BTCUSDT
2025-09-29 23:58:19.604,114320.0,0.009,BTCUSDT
2025-09-29 23:58:19.604,114320.0,0.002,BTCUSDT
2025-09-29 23:58:19.604,114320.0,0.001,BTCUSDT
2025-09-29 23:58:19.604,114320.0,0.041,BTCUSDT
2025-09-29 23:58:19.604,114320.0,0.004,BTCUSDT
2025-09-29 23:58:19.604,114320.0,0.005,BTCUSDT
2025-09-29 23:58:19.604,114320.0,0.07,BTCUSDT
2025-09-29 23:58:19.604,114320.0,0.033,BTCUSDT
2025-09-29 23:58:19.604,114320.0,0.004,BTCUSDT
2025-09-29 23:58:19.604,114320.0,0.013,BTCUSDT
2025-09-29 23:58:19.604,114320.0,0.001,BTCUSDT
2025-09-29 23:58:19.604,114320.0,0.07,BTCUSDT
2025-09-29 23:58:19.604,114320.0,0.031,BTCUSDT
2025-09-29 23:58:19.604,114320.0,0.001,BTCUSDT
2025-09-29 23:58:19.604,114320.0,1.695,BTCUSDT
2025-09-29 23:58:19.604,114320.0,0.001,BTCUSDT
2025-09-29 23:58:19.604,114320.3,0.001,BTCUSDT
2025-09-29 23:58:19.604,114320.4,0.002,BTCUSDT
2025-09-29 23:58:19.604,114320.4,0.002,BTCUSDT
2025-09-29 23:58:19.604,114320.4,0.002,BTCUSDT
2025-09-29 23:58:19.604,114320.5,0.419,BTCUSDT
2025-09-29 23:58:19.604,114320.5,0.001,BTCUSDT
2025-09-29 23:58:19.604,114320.5,0.394,BTCUSDT
2025-09-29 23:58:19.604,114320.5,0.002,BTCUSDT
2025-09-29 23:58:19.604,114320.5,0.002,BTCUSDT
2025-09-29 23:58:19.604,114320.8,0.001,BTCUSDT
2025-09-29 23:58:19.604,114320.9,0.031,BTCUSDT
2025-09-29 23:58:19.604,114321.0,0.004,BTCUSDT
2025-09-29 23:58:19.604,114321.0,0.001,BTCUSDT
2025-09-29 23:58:19.604,114321.0,0.031,BTCUSDT
2025-09-29 23:58:19.604,114321.0,0.002,BTCUSDT
2025-09-29 23:58:19.604,114321.1,0.001,BTCUSDT
2025-09-29 23:58:19.604,114321.2,0.032,BTCUSDT
2025-09-29 23:58:19.604,114321.4,0.137,BTCUSDT
2025-09-29 23:58:19.604,114321.5,0.002,BTCUSDT
2025-09-29 23:58:19.604,114321.5,1.313,BTCUSDT
2025-09-29 23:58:19.604,114321.6,0.002,BTCUSDT
2025-09-29 23:58:19.604,114321.6,1.313,BTCUSDT
2025-09-29 23:58:19.604,114321.6,0.002,BTCUSDT
2025-09-29 23:58:19.604,114321.7,0.002,BTCUSDT
2025-09-29 23:58:19.604,114321.9,0.012,BTCUSDT
2025-09-29 23:58:19.604,114321.9,0.001,BTCUSDT
2025-09-29 23:58:19.604,114322.0,0.001,BTCUSDT
2025-09-29 23:58:19.604,114322.0,0.005,BTCUSDT
2025-09-29 23:58:19.604,114322.1,0.001,BTCUSDT
2025-09-29 23:58:19.604,114322.1,0.921,BTCUSDT
2025-09-29 23:58:19.604,114322.1,0.011,BTCUSDT
2025-09-29 23:58:19.604,114322.2,0.002,BTCUSDT
2025-09-29 23:58:19.604,114322.2,0.227,BTCUSDT
2025-09-29 23:58:19.604,114322.3,0.012,BTCUSDT
2025-09-29 23:58:19.604,114322.3,0.001,BTCUSDT
2025-09-29 23:58:19.604,114322.3,0.004,BTCUSDT
2025-09-29 23:58:19.604,114322.4,0.04,BTCUSDT
2025-09-29 23:58:19.604,114322.5,0.04,BTCUSDT
2025-09-29 23:58:19.604,114322.5,0.066,BTCUSDT
2025-09-29 23:58:19.604,114322.5,0.05,BTCUSDT
2025-09-29 23:58:19.604,114322.6,0.009,BTCUSDT
2025-09-29 23:58:19.604,114322.6,0.002,BTCUSDT
2025-09-29 23:58:19.604,114322.6,0.002,BTCUSDT
2025-09-29 23:58:19.604,114322.6,0.004,BTCUSDT
2025-09-29 23:58:19.604,114322.7,1.313,BTCUSDT
2025-09-29 23:58:19.604,114322.7,0.002,BTCUSDT
2025-09-29 23:58:19.604,114322.7,0.002,BTCUSDT
2025-09-29 23:58:19.604,114322.7,0.002,BTCUSDT
2025-09-29 23:58:19.604,114322.8,0.184,BTCUSDT
2025-09-29 23:58:19.604,114322.8,0.002,BTCUSDT
2025-09-29 23:58:19.604,114322.8,1.313,BTCUSDT
2025-09-29 23:58:19.604,114322.9,0.001,BTCUSDT
2025-09-29 23:58:19.604,114322.9,0.003,BTCUSDT
2025-09-29 23:58:19.604,114323.0,0.001,BTCUSDT
2025-09-29 23:58:19.604,114323.0,0.001,BTCUSDT
2025-09-29 23:58:19.604,114323.0,0.001,BTCUSDT
2025-09-29 23:58:19.604,114323.0,0.001,BTCUSDT
2025-09-29 23:58:19.604,114323.1,0.001,BTCUSDT
2025-09-29 23:58:19.604,114323.1,0.013,BTCUSDT
2025-09-29 23:58:19.604,114323.1,0.001,BTCUSDT
2025-09-29 23:58:19.604,114323.1,0.001,BTCUSDT
2025-09-29 23:58:19.604,114323.1,0.001,BTCUSDT
2025-09-29 23:58:19.604,114323.1,0.001,BTCUSDT
2025-09-29 23:58:19.604,114323.1,0.049,BTCUSDT
2025-09-29 23:58:19.604,114323.1,0.001,BTCUSDT
2025-09-29 23:58:19.604,114323.2,0.002,BTCUSDT
2025-09-29 23:58:19.604,114323.2,0.002,BTCUSDT
2025-09-29 23:58:19.604,114323.2,0.087,BTCUSDT
2025-09-29 23:58:19.604,114323.4,0.001,BTCUSDT
2025-09-29 23:58:19.604,114323.4,0.002,BTCUSDT
2025-09-29 23:58:19.604,114323.4,0.002,BTCUSDT
2025-09-29 23:58:19.604,114323.5,0.008,BTCUSDT
2025-09-29 23:58:19.604,114323.7,0.001,BTCUSDT
2025-09-29 23:58:19.604,114323.7,0.001,BTCUSDT
2025-09-29 23:58:19.604,114323.8,0.64,BTCUSDT
2025-09-29 23:58:19.604,114324.0,0.002,BTCUSDT
2025-09-29 23:58:19.604,114324.0,0.001,BTCUSDT
2025-09-29 23:58:19.604,114324.0,0.366,BTCUSDT
2025-09-29 23:58:19.604,114324.0,0.002,BTCUSDT
2025-09-29 23:58:19.604,114324.0,0.36,BTCUSDT
2025-09-29 23:58:19.604,114324.1,0.002,BTCUSDT
2025-09-29 23:58:19.604,114324.1,1.18,BTCUSDT
2025-09-29 23:58:19.604,114324.2,0.656,BTCUSDT
2025-09-29 23:58:19.604,114324.3,0.004,BTCUSDT
2025-09-29 23:58:19.604,114324.3,0.013,BTCUSDT
2025-09-29 23:58:19.604,114324.4,0.038,BTCUSDT
2025-09-29 23:58:19.604,114324.6,0.027,BTCUSDT
2025-09-29 23:58:19.604,114324.6,0.002,BTCUSDT
2025-09-29 23:58:19.604,114324.6,0.35,BTCUSDT
2025-09-29 23:58:19.604,114324.6,0.001,BTCUSDT
2025-09-29 23:58:19.604,114324.9,0.001,BTCUSDT
2025-09-29 23:58:19.604,114324.9,0.016,BTCUSDT
2025-09-29 23:58:19.604,114325.0,0.114,BTCUSDT
2025-09-29 23:58:19.604,114325.0,0.001,BTCUSDT
2025-09-29 23:58:19.604,114325.0,0.004,BTCUSDT
2025-09-29 23:58:19.604,114325.0,0.002,BTCUSDT
2025-09-29 23:58:19.604,114325.0,0.2,BTCUSDT
2025-09-29 23:58:19.604,114325.0,0.002,BTCUSDT
2025-09-29 23:58:19.604,114325.0,0.077,BTCUSDT
2025-09-29 23:58:19.604,114325.0,0.002,BTCUSDT
2025-09-29 23:58:19.604,114325.0,0.001,BTCUSDT
2025-09-29 23:58:19.604,114325.0,0.002,BTCUSDT
2025-09-29 23:58:19.604,114325.0,0.001,BTCUSDT
2025-09-29 23:58:19.604,114325.2,0.001,BTCUSDT
2025-09-29 23:58:19.604,114325.2,0.002,BTCUSDT
2025-09-29 23:58:19.604,114325.2,0.656,BTCUSDT
2025-09-29 23:58:19.604,114325.2,2.31,BTCUSDT
2025-09-29 23:58:19.604,114325.2,0.051,BTCUSDT
2025-09-29 23:58:19.604,114325.2,0.016,BTCUSDT
2025-09-29 23:58:19.604,114325.3,0.001,BTCUSDT
2025-09-29 23:58:19.604,114325.3,0.469,BTCUSDT
2025-09-29 23:58:19.604,114325.3,1.313,BTCUSDT
2025-09-29 23:58:19.604,114325.3,0.051,BTCUSDT
2025-09-29 23:58:19.604,114325.4,0.001,BTCUSDT
2025-09-29 23:58:19.604,114325.4,0.001,BTCUSDT
2025-09-29 23:58:19.604,114325.4,0.05,BTCUSDT
2025-09-29 23:58:19.604,114325.5,0.066,BTCUSDT
2025-09-29 23:58:19.604,114325.6,0.002,BTCUSDT
2025-09-29 23:58:19.604,114325.7,0.001,BTCUSDT
2025-09-29 23:58:19.604,114325.8,0.001,BTCUSDT
2025-09-29 23:58:19.604,114325.8,0.002,BTCUSDT
2025-09-29 23:58:19.604,114325.8,0.002,BTCUSDT
2025-09-29 23:58:19.604,114325.9,0.921,BTCUSDT
2025-09-29 23:58:19.604,114325.9,0.002,BTCUSDT
2025-09-29 23:58:19.604,114325.9,0.001,BTCUSDT
2025-09-29 23:58:19.604,114325.9,0.006,BTCUSDT
2025-09-29 23:58:19.604,114326.0,2.999,BTCUSDT
2025-09-29 23:58:19.604,114326.0,1.0,BTCUSDT
2025-09-29 23:58:19.604,114326.0,0.021,BTCUSDT
2025-09-29 23:58:19.604,114326.1,0.001,BTCUSDT
2025-09-29 23:58:19.604,114326.1,0.002,BTCUSDT
2025-09-29 23:58:19.604,114326.2,0.002,BTCUSDT
2025-09-29 23:58:19.604,114326.2,0.002,BTCUSDT
2025-09-29 23:58:19.604,114326.2,0.02,BTCUSDT
2025-09-29 23:58:19.604,114326.2,0.001,BTCUSDT
2025-09-29 23:58:19.604,114326.4,0.004,BTCUSDT
2025-09-29 23:58:19.604,114326.4,0.001,BTCUSDT
2025-09-29 23:58:19.604,114326.4,0.002,BTCUSDT
2025-09-29 23:58:19.604,114326.5,0.001,BTCUSDT
2025-09-29 23:58:19.604,114326.5,0.002,BTCUSDT
2025-09-29 23:58:19.604,114326.5,1.0,BTCUSDT
2025-09-29 23:58:19.604,114326.5,0.002,BTCUSDT
2025-09-29 23:58:19.604,114326.5,0.002,BTCUSDT
2025-09-29 23:58:19.604,114326.6,0.007,BTCUSDT
2025-09-29 23:58:19.604,114326.6,0.007,BTCUSDT
2025-09-29 23:58:19.604,114326.6,0.057,BTCUSDT
2025-09-29 23:58:19.604,114326.7,0.002,BTCUSDT
2025-09-29 23:58:19.604,114326.8,0.348,BTCUSDT
2025-09-29 23:58:19.604,114326.9,0.001,BTCUSDT
2025-09-29 23:58:19.604,114327.0,0.001,BTCUSDT
2025-09-29 23:58:19.604,114327.0,0.002,BTCUSDT
2025-09-29 23:58:19.604,114327.0,0.185,BTCUSDT
2025-09-29 23:58:19.604,114327.1,0.006,BTCUSDT
2025-09-29 23:58:19.604,114327.1,0.001,BTCUSDT
2025-09-29 23:58:19.604,114327.1,0.002,BTCUSDT
2025-09-29 23:58:19.604,114327.3,0.002,BTCUSDT
2025-09-29 23:58:19.604,114327.3,0.002,BTCUSDT
2025-09-29 23:58:19.604,114327.3,0.001,BTCUSDT
2025-09-29 23:58:19.604,114327.3,0.262,BTCUSDT
2025-09-29 23:58:19.604,114327.4,0.005,BTCUSDT
2025-09-29 23:58:19.604,114327.4,0.051,BTCUSDT
2025-09-29 23:58:19.604,114327.5,0.001,BTCUSDT
2025-09-29 23:58:19.604,114327.5,0.038,BTCUSDT
2025-09-29 23:58:19.604,114327.5,0.076,BTCUSDT
2025-09-29 23:58:19.604,114327.5,0.051,BTCUSDT
2025-09-29 23:58:19.604,114327.6,0.009,BTCUSDT
2025-09-29 23:58:19.604,114327.6,0.002,BTCUSDT
2025-09-29 23:58:19.604,114327.6,0.249,BTCUSDT
2025-09-29 23:58:19.604,114327.8,0.001,BTCUSDT
2025-09-29 23:58:19.604,114327.9,0.001,BTCUSDT
2025-09-29 23:58:19.604,114328.0,0.02,BTCUSDT
2025-09-29 23:58:19.604,114328.1,0.262,BTCUSDT
2025-09-29 23:58:19.604,114328.2,0.002,BTCUSDT
2025-09-29 23:58:19.604,114328.2,0.002,BTCUSDT
2025-09-29 23:58:19.604,114328.2,0.002,BTCUSDT
2025-09-29 23:58:19.604,114328.2,0.002,BTCUSDT
2025-09-29 23:58:19.604,114328.3,0.001,BTCUSDT
2025-09-29 23:58:19.604,114328.5,0.001,BTCUSDT
2025-09-29 23:58:19.604,114328.5,0.187,BTCUSDT
2025-09-29 23:58:19.604,114328.5,0.001,BTCUSDT
2025-09-29 23:58:19.604,114328.5,0.044,BTCUSDT
2025-09-29 23:58:19.604,114328.6,0.038,BTCUSDT
2025-09-29 23:58:19.604,114328.6,0.001,BTCUSDT
2025-09-29 23:58:19.604,114328.7,0.019,BTCUSDT
2025-09-29 23:58:19.604,114328.7,0.038,BTCUSDT
2025-09-29 23:58:19.605,114328.7,1.451,BTCUSDT
2025-09-29 23:58:19.605,114328.8,0.001,BTCUSDT
2025-09-29 23:58:19.605,114328.8,0.001,BTCUSDT
2025-09-29 23:58:19.605,114328.8,0.005,BTCUSDT
2025-09-29 23:58:19.605,114328.8,0.002,BTCUSDT
2025-09-29 23:58:19.605,114328.9,0.01,BTCUSDT
2025-09-29 23:58:19.605,114329.1,0.04,BTCUSDT
2025-09-29 23:58:19.605,114329.1,0.001,BTCUSDT
2025-09-29 23:58:19.605,114329.2,0.002,BTCUSDT
2025-09-29 23:58:19.605,114329.2,0.04,BTCUSDT
2025-09-29 23:58:19.605,114329.2,0.001,BTCUSDT
2025-09-29 23:58:19.605,114329.2,0.004,BTCUSDT
2025-09-29 23:58:19.605,114329.3,0.032,BTCUSDT
2025-09-29 23:58:19.605,114329.4,0.002,BTCUSDT
2025-09-29 23:58:19.605,114329.4,0.002,BTCUSDT
2025-09-29 23:58:19.605,114329.5,0.005,BTCUSDT
2025-09-29 23:58:19.605,114329.5,0.04,BTCUSDT
2025-09-29 23:58:19.605,114329.5,0.078,BTCUSDT
2025-09-29 23:58:19.605,114329.6,0.04,BTCUSDT
2025-09-29 23:58:19.605,114329.6,0.002,BTCUSDT
2025-09-29 23:58:19.605,114329.6,0.355,BTCUSDT
2025-09-29 23:58:19.605,114329.6,0.002,BTCUSDT
2025-09-29 23:58:19.605,114329.7,0.001,BTCUSDT
2025-09-29 23:58:19.605,114329.7,0.04,BTCUSDT
2025-09-29 23:58:19.605,114329.7,0.184,BTCUSDT
2025-09-29 23:58:19.605,114329.7,0.009,BTCUSDT
2025-09-29 23:58:19.605,114329.7,0.04,BTCUSDT
2025-09-29 23:58:19.605,114329.8,0.009,BTCUSDT
2025-09-29 23:58:19.605,114329.9,0.001,BTCUSDT
2025-09-29 23:58:19.605,114329.9,0.012,BTCUSDT
2025-09-29 23:58:19.605,114329.9,0.04,BTCUSDT
2025-09-29 23:58:19.605,114329.9,0.009,BTCUSDT
2025-09-29 23:58:19.605,114329.9,0.032,BTCUSDT
2025-09-29 23:58:19.605,114329.9,0.002,BTCUSDT
2025-09-29 23:58:19.605,114330.0,0.01,BTCUSDT
2025-09-29 23:58:19.605,114330.0,0.166,BTCUSDT
2025-09-29 23:58:19.605,114330.0,0.15,BTCUSDT
2025-09-29 23:58:19.605,114330.0,0.001,BTCUSDT
2025-09-29 23:58:19.605,114330.0,0.517,BTCUSDT
2025-09-29 23:58:19.605,114330.0,0.391,BTCUSDT
2025-09-29 23:58:19.605,114330.0,0.04,BTCUSDT
2025-09-29 23:58:19.605,114330.0,0.04,BTCUSDT
2025-09-29 23:58:19.605,114330.0,0.001,BTCUSDT
2025-09-29 23:58:19.605,114330.0,0.002,BTCUSDT
2025-09-29 23:58:19.605,114330.0,0.001,BTCUSDT
2025-09-29 23:58:19.605,114330.2,0.04,BTCUSDT
2025-09-29 23:58:19.605,114330.3,0.001,BTCUSDT
2025-09-29 23:58:19.605,114330.3,0.002,BTCUSDT
2025-09-29 23:58:19.605,114330.3,0.031,BTCUSDT
2025-09-29 23:58:19.605,114330.3,0.492,BTCUSDT
2025-09-29 23:58:19.605,114330.4,0.35,BTCUSDT
2025-09-29 23:58:19.605,114330.5,0.001,BTCUSDT
2025-09-29 23:58:19.605,114330.6,0.04,BTCUSDT
2025-09-29 23:58:19.605,114330.6,0.002,BTCUSDT
2025-09-29 23:58:19.605,114330.6,0.016,BTCUSDT
2025-09-29 23:58:19.605,114330.6,0.003,BTCUSDT
2025-09-29 23:58:19.605,114330.7,0.032,BTCUSDT
2025-09-29 23:58:19.605,114330.9,0.004,BTCUSDT
2025-09-29 23:58:19.605,114330.9,0.001,BTCUSDT
2025-09-29 23:58:19.605,114331.0,0.001,BTCUSDT
2025-09-29 23:58:19.605,114331.0,0.036,BTCUSDT
2025-09-29 23:58:19.605,114331.0,0.294,BTCUSDT
2025-09-29 23:58:19.605,114331.1,0.002,BTCUSDT
2025-09-29 23:58:19.605,114331.1,1.313,BTCUSDT
2025-09-29 23:58:19.605,114331.1,0.161,BTCUSDT
2025-09-29 23:58:19.605,114331.2,0.001,BTCUSDT
2025-09-29 23:58:19.605,114331.2,0.002,BTCUSDT
2025-09-29 23:58:19.605,114331.3,0.002,BTCUSDT
2025-09-29 23:58:19.605,114331.3,0.001,BTCUSDT
2025-09-29 23:58:19.605,114331.3,0.032,BTCUSDT
2025-09-29 23:58:19.605,114331.4,0.002,BTCUSDT
2025-09-29 23:58:19.605,114331.4,0.001,BTCUSDT
2025-09-29 23:58:19.605,114331.5,0.001,BTCUSDT
2025-09-29 23:58:19.605,114331.5,0.04,BTCUSDT
2025-09-29 23:58:19.605,114331.6,0.003,BTCUSDT
2025-09-29 23:58:19.605,114331.7,0.002,BTCUSDT
2025-09-29 23:58:19.605,114331.7,0.002,BTCUSDT
2025-09-29 23:58:19.605,114331.8,0.001,BTCUSDT
2025-09-29 23:58:19.605,114331.8,0.002,BTCUSDT
2025-09-29 23:58:19.605,114331.8,0.137,BTCUSDT
2025-09-29 23:58:19.605,114331.9,0.002,BTCUSDT
2025-09-29 23:58:19.605,114331.9,0.002,BTCUSDT
2025-09-29 23:58:19.605,114331.9,0.017,BTCUSDT
2025-09-29 23:58:19.605,114331.9,2.06,BTCUSDT
2025-09-29 23:58:19.605,114331.9,0.002,BTCUSDT
2025-09-29 23:58:19.605,114332.0,0.001,BTCUSDT
2025-09-29 23:58:19.605,114332.0,0.921,BTCUSDT
2025-09-29 23:58:19.605,114332.0,1.313,BTCUSDT
2025-09-29 23:58:19.605,114332.1,0.003,BTCUSDT
2025-09-29 23:58:19.605,114332.2,0.002,BTCUSDT
2025-09-29 23:58:19.605,114332.2,0.002,BTCUSDT
2025-09-29 23:58:19.605,114332.2,0.001,BTCUSDT
2025-09-29 23:58:19.605,114332.2,0.002,BTCUSDT
2025-09-29 23:58:19.605,114332.3,0.002,BTCUSDT
2025-09-29 23:58:19.605,114332.3,0.08,BTCUSDT
2025-09-29 23:58:19.605,114332.4,0.089,BTCUSDT
2025-09-29 23:58:19.605,114332.4,0.002,BTCUSDT
2025-09-29 23:58:19.605,114332.4,0.366,BTCUSDT
2025-09-29 23:58:19.605,114332.6,0.002,BTCUSDT
2025-09-29 23:58:19.605,114332.6,0.001,BTCUSDT
2025-09-29 23:58:19.605,114332.7,0.002,BTCUSDT
2025-09-29 23:58:19.605,114332.9,0.002,BTCUSDT
2025-09-29 23:58:19.605,114332.9,0.004,BTCUSDT
2025-09-29 23:58:19.605,114333.0,0.1,BTCUSDT
2025-09-29 23:58:19.605,114333.0,0.262,BTCUSDT
2025-09-29 23:58:19.605,114333.0,0.004,BTCUSDT
2025-09-29 23:58:19.605,114333.0,0.05,BTCUSDT
2025-09-29 23:58:19.605,114333.0,0.001,BTCUSDT
2025-09-29 23:58:19.605,114333.0,0.002,BTCUSDT
2025-09-29 23:58:19.605,114333.0,0.188,BTCUSDT
2025-09-29 23:58:19.605,114333.1,0.09,BTCUSDT
2025-09-29 23:58:19.605,114333.2,0.002,BTCUSDT
2025-09-29 23:58:19.605,114333.2,1.313,BTCUSDT
2025-09-29 23:58:19.605,114333.3,0.001,BTCUSDT
2025-09-29 23:58:19.605,114333.3,0.001,BTCUSDT
2025-09-29 23:58:19.605,114333.3,0.061,BTCUSDT
2025-09-29 23:58:19.605,114333.3,0.001,BTCUSDT
2025-09-29 23:58:19.605,114333.3,0.001,BTCUSDT
2025-09-29 23:58:19.605,114333.3,0.002,BTCUSDT
2025-09-29 23:58:19.605,114333.3,0.001,BTCUSDT
2025-09-29 23:58:19.605,114333.3,0.004,BTCUSDT
2025-09-29 23:58:19.605,114333.3,0.05,BTCUSDT
2025-09-29 23:58:19.605,114333.3,0.005,BTCUSDT
2025-09-29 23:58:19.605,114333.3,0.001,BTCUSDT
2025-09-29 23:58:19.605,114333.3,0.001,BTCUSDT
2025-09-29 23:58:19.605,114333.3,0.002,BTCUSDT
2025-09-29 23:58:19.605,114333.3,0.001,BTCUSDT
2025-09-29 23:58:19.605,114333.3,0.002,BTCUSDT
2025-09-29 23:58:19.605,114333.3,0.001,BTCUSDT
2025-09-29 23:58:19.605,114333.3,0.001,BTCUSDT
2025-09-29 23:58:19.605,114333.4,0.046,BTCUSDT
2025-09-29 23:58:19.605,114333.5,0.001,BTCUSDT
2025-09-29 23:58:19.605,114333.6,0.002,BTCUSDT
2025-09-29 23:58:19.605,114333.6,1.978,BTCUSDT
2025-09-29 23:58:19.605,114333.6,0.187,BTCUSDT
2025-09-29 23:58:19.605,114333.6,0.989,BTCUSDT
2025-09-29 23:58:19.605,114333.7,0.994,BTCUSDT
2025-09-29 23:58:19.605,114333.7,0.987,BTCUSDT
2025-09-29 23:58:19.605,114333.7,0.001,BTCUSDT
2025-09-29 23:58:19.605,114333.8,0.022,BTCUSDT
2025-09-29 23:58:19.605,114333.8,0.032,BTCUSDT
2025-09-29 23:58:19.605,114333.9,0.001,BTCUSDT
2025-09-29 23:58:19.605,114333.9,0.021,BTCUSDT
2025-09-29 23:58:19.605,114333.9,0.035,BTCUSDT
2025-09-29 23:58:19.605,114334.1,0.001,BTCUSDT
2025-09-29 23:58:19.605,114334.2,0.002,BTCUSDT
2025-09-29 23:58:19.605,114334.2,0.001,BTCUSDT
2025-09-29 23:58:19.605,114334.2,0.002,BTCUSDT
2025-09-29 23:58:19.605,114334.3,0.002,BTCUSDT
2025-09-29 23:58:19.605,114334.4,0.184,BTCUSDT
2025-09-29 23:58:19.605,114334.4,0.001,BTCUSDT
2025-09-29 23:58:19.605,114334.5,0.001,BTCUSDT
2025-09-29 23:58:19.605,114334.5,0.001,BTCUSDT
2025-09-29 23:58:19.605,114334.5,0.006,BTCUSDT
2025-09-29 23:58:19.605,114334.8,0.001,BTCUSDT
2025-09-29 23:58:19.605,114334.8,0.002,BTCUSDT
2025-09-29 23:58:19.605,114334.9,0.001,BTCUSDT
2025-09-29 23:58:19.605,114334.9,0.002,BTCUSDT
2025-09-29 23:58:19.605,114334.9,0.001,BTCUSDT
2025-09-29 23:58:19.605,114335.0,0.052,BTCUSDT
2025-09-29 23:58:19.605,114335.0,0.002,BTCUSDT
2025-09-29 23:58:19.605,114335.1,0.001,BTCUSDT
2025-09-29 23:58:19.605,114335.2,0.355,BTCUSDT
2025-09-29 23:58:19.605,114335.3,0.022,BTCUSDT
2025-09-29 23:58:19.605,114335.4,0.021,BTCUSDT
2025-09-29 23:58:19.605,114335.4,0.001,BTCUSDT
2025-09-29 23:58:19.605,114335.4,0.002,BTCUSDT
2025-09-29 23:58:19.605,114335.5,0.002,BTCUSDT
2025-09-29 23:58:19.605,114335.6,0.921,BTCUSDT
2025-09-29 23:58:19.605,114335.6,0.001,BTCUSDT
2025-09-29 23:58:19.605,114335.6,0.016,BTCUSDT
2025-09-29 23:58:19.605,114335.7,0.003,BTCUSDT
2025-09-29 23:58:19.605,114335.9,0.045,BTCUSDT
2025-09-29 23:58:19.605,114336.0,0.361,BTCUSDT
2025-09-29 23:58:19.605,114336.0,0.039,BTCUSDT
2025-09-29 23:58:19.605,114336.0,0.985,BTCUSDT
2025-09-29 23:58:19.605,114336.0,0.002,BTCUSDT
2025-09-29 23:58:19.605,114336.0,0.001,BTCUSDT
2025-09-29 23:58:19.605,114336.1,0.473,BTCUSDT
2025-09-29 23:58:19.605,114336.2,0.35,BTCUSDT
2025-09-29 23:58:19.605,114336.2,0.045,BTCUSDT
2025-09-29 23:58:19.605,114336.3,0.017,BTCUSDT
2025-09-29 23:58:19.605,114336.3,0.016,BTCUSDT
2025-09-29 23:58:19.605,114336.3,0.04,BTCUSDT
2025-09-29 23:58:19.605,114336.5,0.001,BTCUSDT
2025-09-29 23:58:19.605,114336.5,0.027,BTCUSDT
2025-09-29 23:58:19.605,114336.5,0.002,BTCUSDT
2025-09-29 23:58:19.605,114336.6,0.001,BTCUSDT
2025-09-29 23:58:19.605,114336.6,0.002,BTCUSDT
2025-09-29 23:58:19.605,114336.6,0.002,BTCUSDT
2025-09-29 23:58:19.605,114336.6,0.002,BTCUSDT
2025-09-29 23:58:19.605,114336.8,1.5,BTCUSDT
2025-09-29 23:58:19.605,114336.8,0.005,BTCUSDT
2025-09-29 23:58:19.605,114337.0,1.356,BTCUSDT
2025-09-29 23:58:19.605,114337.1,0.743,BTCUSDT
2025-09-29 23:58:19.605,114337.2,0.002,BTCUSDT
2025-09-29 23:58:19.605,114337.2,0.002,BTCUSDT
2025-09-29 23:58:19.605,114337.3,0.001,BTCUSDT
2025-09-29 23:58:19.605,114337.3,0.001,BTCUSDT
2025-09-29 23:58:19.605,114337.5,0.002,BTCUSDT
2025-09-29 23:58:19.605,114337.6,0.002,BTCUSDT
2025-09-29 23:58:19.605,114337.7,1.313,BTCUSDT
2025-09-29 23:58:19.605,114337.8,0.002,BTCUSDT
2025-09-29 23:58:19.605,114337.8,0.011,BTCUSDT
2025-09-29 23:58:19.605,114337.8,0.001,BTCUSDT
2025-09-29 23:58:19.605,114337.8,0.002,BTCUSDT
2025-09-29 23:58:19.605,114337.8,0.003,BTCUSDT
2025-09-29 23:58:19.605,114337.9,0.002,BTCUSDT
2025-09-29 23:58:19.605,114337.9,0.002,BTCUSDT
2025-09-29 23:58:19.605,114337.9,0.009,BTCUSDT
2025-09-29 23:58:19.605,114338.0,0.001,BTCUSDT
2025-09-29 23:58:19.605,114338.0,0.339,BTCUSDT
2025-09-29 23:58:19.605,114338.2,0.001,BTCUSDT
2025-09-29 23:58:19.605,114338.3,0.001,BTCUSDT
2025-09-29 23:58:19.605,114338.3,0.002,BTCUSDT
2025-09-29 23:58:19.605,114338.4,0.794,BTCUSDT
2025-09-29 23:58:19.605,114338.6,1.295,BTCUSDT
2025-09-29 23:58:19.616,114338.6,0.064,BTCUSDT
2025-09-29 23:58:19.617,114338.6,0.001,BTCUSDT
2025-09-29 23:58:19.617,114338.6,0.001,BTCUSDT
2025-09-29 23:58:19.617,114338.6,0.115,BTCUSDT
2025-09-29 23:58:19.617,114338.6,0.237,BTCUSDT
2025-09-29 23:58:19.617,114338.6,0.001,BTCUSDT
2025-09-29 23:58:19.617,114338.6,0.347,BTCUSDT
2025-09-29 23:58:19.618,114338.6,0.218,BTCUSDT
2025-09-29 23:58:19.618,114338.6,0.054,BTCUSDT
2025-09-29 23:58:19.619,114336.0,0.05,BTCUSDT
2025-09-29 23:58:19.619,114338.6,0.213,BTCUSDT
2025-09-29 23:58:19.648,114337.8,0.002,BTCUSDT
2025-09-29 23:58:19.648,114338.4,0.001,BTCUSDT
2025-09-29 23:58:19.650,114338.4,0.001,BTCUSDT
2025-09-29 23:58:19.650,114338.4,0.001,BTCUSDT
2025-09-29 23:58:19.650,114338.4,0.318,BTCUSDT
2025-09-29 23:58:19.657,114338.4,0.02,BTCUSDT
2025-09-29 23:58:19.657,114338.4,0.04,BTCUSDT
2025-09-29 23:58:19.663,114338.4,0.04,BTCUSDT
2025-09-29 23:58:19.664,114338.4,0.008,BTCUSDT
2025-09-29 23:58:19.667,114338.4,0.04,BTCUSDT
2025-09-29 23:58:19.669,114338.4,0.027,BTCUSDT
2025-09-29 23:58:19.670,114338.4,0.04,BTCUSDT
2025-09-29 23:58:19.671,114338.4,0.04,BTCUSDT
2025-09-29 23:58:19.671,114338.4,0.027,BTCUSDT
2025-09-29 23:58:19.672,114338.4,0.027,BTCUSDT
2025-09-29 23:58:19.672,114338.4,0.04,BTCUSDT
2025-09-29 23:58:19.673,114338.4,0.08,BTCUSDT
2025-09-29 23:58:19.673,114338.4,0.04,BTCUSDT
2025-09-29 23:58:19.674,114338.4,0.009,BTCUSDT
2025-09-29 23:58:19.677,114338.4,0.04,BTCUSDT
2025-09-29 23:58:19.679,114338.4,0.058,BTCUSDT
2025-09-29 23:58:19.680,114338.4,0.01,BTCUSDT
2025-09-29 23:58:19.680,114338.4,0.03,BTCUSDT
2025-09-29 23:58:19.681,114338.4,0.04,BTCUSDT
2025-09-29 23:58:19.683,114338.3,1.312,BTCUSDT
2025-09-29 23:58:19.685,114338.4,0.04,BTCUSDT
2025-09-29 23:58:19.685,114338.4,0.04,BTCUSDT
2025-09-29 23:58:19.686,114338.4,0.007,BTCUSDT
2025-09-29 23:58:19.686,114338.4,0.001,BTCUSDT
2025-09-29 23:58:19.686,114338.4,0.001,BTCUSDT
2025-09-29 23:58:19.686,114338.4,0.063,BTCUSDT
2025-09-29 23:58:19.687,114338.4,0.04,BTCUSDT
2025-09-29 23:58:19.689,114338.4,0.04,BTCUSDT
2025-09-29 23:58:19.690,114338.4,0.036,BTCUSDT
2025-09-29 23:58:19.690,114338.4,0.001,BTCUSDT
2025-09-29 23:58:19.690,114338.4,0.003,BTCUSDT
2025-09-29 23:58:19.690,114338.4,0.04,BTCUSDT
2025-09-29 23:58:19.690,114338.4,0.16,BTCUSDT
2025-09-29 23:58:19.691,114338.4,0.004,BTCUSDT
2025-09-29 23:58:19.691,114338.4,0.053,BTCUSDT
2025-09-29 23:58:19.691,114338.4,0.024,BTCUSDT
2025-09-29 23:58:19.692,114338.4,0.04,BTCUSDT
2025-09-29 23:58:19.693,114338.4,0.027,BTCUSDT
2025-09-29 23:58:19.693,114338.4,0.04,BTCUSDT
2025-09-29 23:58:19.693,114338.4,0.04,BTCUSDT
2025-09-29 23:58:19.695,114338.4,0.04,BTCUSDT
2025-09-29 23:58:19.695,114338.4,0.04,BTCUSDT
2025-09-29 23:58:19.696,114338.4,0.04,BTCUSDT
2025-09-29 23:58:19.698,114338.4,0.04,BTCUSDT
2025-09-29 23:58:19.699,114338.4,0.04,BTCUSDT
2025-09-29 23:58:19.700,114338.4,0.037,BTCUSDT
2025-09-29 23:58:19.702,114338.4,0.04,BTCUSDT
2025-09-29 23:58:19.703,114338.4,0.007,BTCUSDT
2025-09-29 23:58:19.703,114338.4,0.001,BTCUSDT
2025-09-29 23:58:19.703,114338.4,0.032,BTCUSDT
2025-09-29 23:58:19.704,114338.4,0.04,BTCUSDT
2025-09-29 23:58:19.705,114338.4,0.04,BTCUSDT
2025-09-29 23:58:19.705,114338.4,0.04,BTCUSDT
2025-09-29 23:58:19.707,114338.4,0.04,BTCUSDT
2025-09-29 23:58:19.708,114338.4,0.038,BTCUSDT
2025-09-29 23:58:19.708,114338.4,0.027,BTCUSDT
2025-09-29 23:58:19.708,114338.4,0.04,BTCUSDT
2025-09-29 23:58:19.708,114338.4,0.058,BTCUSDT
2025-09-29 23:58:19.710,114338.3,0.005,BTCUSDT
2025-09-29 23:58:19.710,114338.4,0.04,BTCUSDT
2025-09-29 23:58:19.711,114338.4,0.04,BTCUSDT
2025-09-29 23:58:19.711,114338.4,0.04,BTCUSDT
2025-09-29 23:58:19.711,114338.4,0.002,BTCUSDT
2025-09-29 23:58:19.712,114338.4,0.04,BTCUSDT
2025-09-29 23:58:19.713,114338.4,0.04,BTCUSDT
2025-09-29 23:58:19.714,114338.4,0.027,BTCUSDT
2025-09-29 23:58:19.717,114338.4,0.04,BTCUSDT
2025-09-29 23:58:19.717,114338.4,0.037,BTCUSDT
2025-09-29 23:58:19.722,114338.4,0.04,BTCUSDT
2025-09-29 23:58:19.724,114338.4,0.027,BTCUSDT
2025-09-29 23:58:19.725,114338.3,0.005,BTCUSDT
2025-09-29 23:58:19.736,114338.4,0.04,BTCUSDT
2025-09-29 23:58:19.736,114338.4,0.04,BTCUSDT
2025-09-29 23:58:19.737,114338.3,0.005,BTCUSDT
2025-09-29 23:58:19.739,114338.3,0.005,BTCUSDT
2025-09-29 23:58:19.742,114338.4,0.04,BTCUSDT
2025-09-29 23:58:19.743,114338.4,0.023,BTCUSDT
2025-09-29 23:58:19.747,114338.4,0.003,BTCUSDT
2025-09-29 23:58:19.751,114338.4,0.024,BTCUSDT
2025-09-29 23:58:19.753,114338.4,0.034,BTCUSDT
2025-09-29 23:58:19.761,114338.4,0.04,BTCUSDT
2025-09-29 23:58:19.763,114338.4,0.032,BTCUSDT
2025-09-29 23:58:19.763,114338.4,0.008,BTCUSDT
2025-09-29 23:58:19.765,114338.4,0.034,BTCUSDT
2025-09-29 23:58:19.770,114338.4,0.04,BTCUSDT
2025-09-29 23:58:19.771,114338.4,0.08,BTCUSDT
2025-09-29 23:58:19.795,114338.4,0.032,BTCUSDT
2025-09-29 23:58:19.796,114338.4,0.043,BTCUSDT
2025-09-29 23:58:19.813,114338.4,0.001,BTCUSDT
2025-09-29 23:58:19.813,114338.4,0.001,BTCUSDT
2025-09-29 23:58:19.813,114338.4,0.001,BTCUSDT
2025-09-29 23:58:19.813,114338.4,0.037,BTCUSDT
2025-09-29 23:58:19.815,114338.4,0.04,BTCUSDT
2025-09-29 23:58:19.818,114338.4,0.04,BTCUSDT
2025-09-29 23:58:19.841,114338.4,0.001,BTCUSDT
2025-09-29 23:58:19.841,114338.4,0.039,BTCUSDT
2025-09-29 23:58:19.842,114338.4,0.04,BTCUSDT
2025-09-29 23:58:19.852,114338.4,0.001,BTCUSDT
2025-09-29 23:58:19.852,114338.4,0.008,BTCUSDT
2025-09-29 23:58:19.907,114338.4,0.03,BTCUSDT
2025-09-29 23:58:19.922,114338.3,0.07,BTCUSDT
2025-09-29 23:58:19.944,114338.3,0.009,BTCUSDT
2025-09-29 23:58:19.952,114338.4,0.238,BTCUSDT
2025-09-29 23:58:19.952,114338.4,0.001,BTCUSDT
2025-09-29 23:58:19.952,114338.4,0.001,BTCUSDT
2025-09-29 23:58:19.952,114338.4,0.001,BTCUSDT
2025-09-29 23:58:19.952,114338.4,0.357,BTCUSDT
2025-09-29 23:58:19.970,114338.3,0.052,BTCUSDT
2025-09-29 23:58:19.980,114338.4,0.043,BTCUSDT
2025-09-29 23:58:19.997,114338.4,0.044,BTCUSDT
2025-09-29 23:58:20.017,114338.3,0.008,BTCUSDT
2025-09-29 23:58:20.048,114338.3,0.008,BTCUSDT
2025-09-29 23:58:20.048,114338.3,0.391,BTCUSDT
2025-09-29 23:58:20.072,114338.3,0.004,BTCUSDT
2025-09-29 23:58:20.088,114338.3,0.001,BTCUSDT
2025-09-29 23:58:20.088,114338.4,0.011,BTCUSDT
2025-09-29 23:58:20.094,114338.3,0.001,BTCUSDT
2025-09-29 23:58:20.095,114338.3,0.004,BTCUSDT
2025-09-29 23:58:20.096,114338.3,0.001,BTCUSDT
2025-09-29 23:58:20.097,114338.3,0.02,BTCUSDT
2025-09-29 23:58:20.097,114338.3,0.417,BTCUSDT
2025-09-29 23:58:20.101,114338.4,0.001,BTCUSDT
2025-09-29 23:58:20.101,114338.3,0.005,BTCUSDT
2025-09-29 23:58:20.114,114338.4,0.007,BTCUSDT
2025-09-29 23:58:20.126,114338.3,0.231,BTCUSDT
2025-09-29 23:58:20.126,114338.3,0.001,BTCUSDT
2025-09-29 23:58:20.126,114338.3,0.053,BTCUSDT
2025-09-29 23:58:20.126,114338.3,0.001,BTCUSDT
2025-09-29 23:58:20.126,114338.3,0.125,BTCUSDT
2025-09-29 23:58:20.126,114338.3,0.064,BTCUSDT
2025-09-29 23:58:20.126,114338.3,0.064,BTCUSDT
2025-09-29 23:58:20.126,114338.3,0.001,BTCUSDT
2025-09-29 23:58:20.126,114338.3,0.064,BTCUSDT
2025-09-29 23:58:20.126,114338.3,0.001,BTCUSDT
2025-09-29 23:58:20.126,114338.3,0.007,BTCUSDT
2025-09-29 23:58:20.126,114338.3,0.947,BTCUSDT
2025-09-29 23:58:20.126,114338.3,0.001,BTCUSDT
2025-09-29 23:58:20.126,114338.3,0.018,BTCUSDT
2025-09-29 23:58:20.126,114338.3,1.191,BTCUSDT
2025-09-29 23:58:20.126,114338.3,0.001,BTCUSDT
2025-09-29 23:58:20.126,114338.3,0.008,BTCUSDT
2025-09-29 23:58:20.126,114338.3,0.005,BTCUSDT
2025-09-29 23:58:20.126,114338.3,0.375,BTCUSDT
2025-09-29 23:58:20.126,114338.3,0.001,BTCUSDT
2025-09-29 23:58:20.126,114338.3,0.001,BTCUSDT
2025-09-29 23:58:20.126,114338.3,0.15,BTCUSDT
2025-09-29 23:58:20.126,114338.3,0.15,BTCUSDT
2025-09-29 23:58:20.126,114338.3,0.001,BTCUSDT
2025-09-29 23:58:20.126,114338.3,0.001,BTCUSDT
2025-09-29 23:58:20.126,114338.3,0.001,BTCUSDT
2025-09-29 23:58:20.126,114338.3,0.006,BTCUSDT
2025-09-29 23:58:20.126,114338.3,0.001,BTCUSDT
2025-09-29 23:58:20.126,114338.3,0.003,BTCUSDT
2025-09-29 23:58:20.126,114338.3,0.511,BTCUSDT
2025-09-29 23:58:20.127,114338.3,0.017,BTCUSDT
2025-09-29 23:58:20.127,114338.3,0.018,BTCUSDT
2025-09-29 23:58:20.127,114338.3,0.91,BTCUSDT
2025-09-29 23:58:20.127,114338.3,0.002,BTCUSDT
2025-09-29 23:58:20.127,114338.3,0.1,BTCUSDT
2025-09-29 23:58:20.127,114338.3,0.009,BTCUSDT
2025-09-29 23:58:20.127,114338.3,0.008,BTCUSDT
2025-09-29 23:58:20.127,114338.3,0.003,BTCUSDT
2025-09-29 23:58:20.127,114338.3,0.003,BTCUSDT
2025-09-29 23:58:20.127,114338.3,0.003,BTCUSDT
2025-09-29 23:58:20.127,114338.3,0.003,BTCUSDT
2025-09-29 23:58:20.127,114338.3,0.008,BTCUSDT
2025-09-29 23:58:20.127,114338.3,0.002,BTCUSDT
2025-09-29 23:58:20.127,114338.3,0.009,BTCUSDT
2025-09-29 23:58:20.127,114338.3,0.087,BTCUSDT
2025-09-29 23:58:20.127,114338.3,0.009,BTCUSDT
2025-09-29 23:58:20.127,114338.3,0.002,BTCUSDT
2025-09-29 23:58:20.127,114338.3,0.001,BTCUSDT
2025-09-29 23:58:20.127,114338.3,0.001,BTCUSDT
2025-09-29 23:58:20.127,114338.3,0.001,BTCUSDT
2025-09-29 23:58:20.127,114338.3,0.22,BTCUSDT
2025-09-29 23:58:20.127,114338.3,0.006,BTCUSDT
2025-09-29 23:58:20.127,114338.3,0.801,BTCUSDT
2025-09-29 23:58:20.127,114338.3,0.001,BTCUSDT
2025-09-29 23:58:20.127,114338.3,0.001,BTCUSDT
2025-09-29 23:58:20.140,114338.2,0.002,BTCUSDT
2025-09-29 23:58:20.140,114338.2,0.001,BTCUSDT
2025-09-29 23:58:20.140,114338.2,0.002,BTCUSDT
2025-09-29 23:58:20.140,114338.2,0.001,BTCUSDT
2025-09-29 23:58:20.140,114338.2,0.001,BTCUSDT
2025-09-29 23:58:20.140,114338.2,0.001,BTCUSDT
2025-09-29 23:58:20.140,114338.1,0.002,BTCUSDT
2025-09-29 23:58:20.140,114338.1,0.002,BTCUSDT
2025-09-29 23:58:20.140,114337.6,0.006,BTCUSDT
2025-09-29 23:58:20.140,114338.3,0.01,BTCUSDT
2025-09-29 23:58:20.140,114338.3,0.008,BTCUSDT
2025-09-29 23:58:20.140,114338.3,0.035,BTCUSDT
2025-09-29 23:58:20.140,114338.3,0.039,BTCUSDT
2025-09-29 23:58:20.140,114338.3,0.002,BTCUSDT
2025-09-29 23:58:20.140,114338.3,0.046,BTCUSDT
2025-09-29 23:58:20.140,114338.3,0.321,BTCUSDT
2025-09-29 23:58:20.140,114338.3,0.004,BTCUSDT
2025-09-29 23:58:20.140,114338.3,0.089,BTCUSDT
2025-09-29 23:58:20.140,114338.3,0.206,BTCUSDT
2025-09-29 23:58:20.143,114337.6,0.008,BTCUSDT
2025-09-29 23:58:20.143,114337.7,0.002,BTCUSDT
2025-09-29 23:58:20.143,114337.7,0.004,BTCUSDT
2025-09-29 23:58:20.143,114337.6,0.022,BTCUSDT
2025-09-29 23:58:20.143,114337.7,0.034,BTCUSDT
2025-09-29 23:58:20.143,114337.7,0.096,BTCUSDT
2025-09-29 23:58:20.143,114337.7,0.037,BTCUSDT
2025-09-29 23:58:20.143,114337.7,0.354,BTCUSDT
2025-09-29 23:58:20.143,114337.7,0.002,BTCUSDT
2025-09-29 23:58:20.143,114337.7,0.147,BTCUSDT
2025-09-29 23:58:20.143,114337.7,0.025,BTCUSDT
2025-09-29 23:58:20.143,114337.7,0.131,BTCUSDT
2025-09-29 23:58:20.157,114337.6,0.014,BTCUSDT
2025-09-29 23:58:20.157,114337.6,0.052,BTCUSDT
2025-09-29 23:58:20.158,114337.6,0.067,BTCUSDT
2025-09-29 23:58:20.158,114337.6,0.067,BTCUSDT
2025-09-29 23:58:20.169,114337.7,0.006,BTCUSDT
2025-09-29 23:58:20.174,114337.6,0.008,BTCUSDT
2025-09-29 23:58:20.174,114337.6,0.004,BTCUSDT
2025-09-29 23:58:20.181,114337.6,0.283,BTCUSDT
2025-09-29 23:58:20.192,114337.6,0.001,BTCUSDT
2025-09-29 23:58:20.192,114337.6,0.001,BTCUSDT
2025-09-29 23:58:20.192,114337.6,0.001,BTCUSDT
2025-09-29 23:58:20.192,114337.6,0.001,BTCUSDT
2025-09-29 23:58:20.192,114337.6,0.333,BTCUSDT
2025-09-29 23:58:20.201,114337.6,0.24,BTCUSDT
2025-09-29 23:58:20.201,114337.6,0.001,BTCUSDT
2025-09-29 23:58:20.201,114337.6,0.005,BTCUSDT
2025-09-29 23:58:20.201,114337.6,0.002,BTCUSDT
2025-09-29 23:58:20.201,114337.6,0.001,BTCUSDT
2025-09-29 23:58:20.201,114337.6,0.001,BTCUSDT
2025-09-29 23:58:20.201,114337.6,0.003,BTCUSDT
2025-09-29 23:58:20.201,114337.6,0.001,BTCUSDT
2025-09-29 23:58:20.201,114337.6,0.001,BTCUSDT
2025-09-29 23:58:20.201,114337.6,0.001,BTCUSDT
2025-09-29 23:58:20.201,114337.6,0.006,BTCUSDT
2025-09-29 23:58:20.201,114337.5,0.002,BTCUSDT
2025-09-29 23:58:20.201,114337.5,0.001,BTCUSDT
2025-09-29 23:58:20.201,114337.5,0.001,BTCUSDT
2025-09-29 23:58:20.201,114337.5,0.002,BTCUSDT
2025-09-29 23:58:20.201,114337.4,0.002,BTCUSDT
2025-09-29 23:58:20.205,114336.9,0.002,BTCUSDT
2025-09-29 23:58:20.205,114336.9,0.001,BTCUSDT
2025-09-29 23:58:20.205,114336.8,0.05,BTCUSDT
2025-09-29 23:58:20.205,114336.5,0.002,BTCUSDT
2025-09-29 23:58:20.205,114336.2,0.001,BTCUSDT
2025-09-29 23:58:20.205,114336.0,0.002,BTCUSDT
2025-09-29 23:58:20.205,114335.6,0.002,BTCUSDT
2025-09-29 23:58:20.205,114335.3,0.001,BTCUSDT
2025-09-29 23:58:20.205,114335.1,0.002,BTCUSDT
2025-09-29 23:58:20.205,114335.0,0.002,BTCUSDT
2025-09-29 23:58:20.219,114334.5,0.002,BTCUSDT
2025-09-29 23:58:20.219,114334.5,0.002,BTCUSDT
2025-09-29 23:58:20.219,114334.5,0.001,BTCUSDT
2025-09-29 23:58:20.219,114334.5,0.001,BTCUSDT
2025-09-29 23:58:20.219,114334.5,0.001,BTCUSDT
2025-09-29 23:58:20.219,114334.5,0.001,BTCUSDT
2025-09-29 23:58:20.219,114334.2,0.001,BTCUSDT
2025-09-29 23:58:20.219,114333.9,0.002,BTCUSDT
2025-09-29 23:58:20.219,114333.6,0.001,BTCUSDT
2025-09-29 23:58:20.223,114333.3,0.001,BTCUSDT
2025-09-29 23:58:20.223,114333.3,0.002,BTCUSDT
2025-09-29 23:58:20.223,114332.6,0.001,BTCUSDT
2025-09-29 23:58:20.223,114332.6,0.018,BTCUSDT
2025-09-29 23:58:20.223,114332.6,0.008,BTCUSDT
2025-09-29 23:58:20.223,114332.4,0.002,BTCUSDT
2025-09-29 23:58:20.223,114332.4,0.005,BTCUSDT
2025-09-29 23:58:20.223,114332.1,0.002,BTCUSDT
2025-09-29 23:58:20.223,114332.1,0.001,BTCUSDT
2025-09-29 23:58:20.223,114331.9,0.088,BTCUSDT
2025-09-29 23:58:20.223,114331.9,0.088,BTCUSDT
2025-09-29 23:58:20.223,114331.8,0.002,BTCUSDT
2025-09-29 23:58:20.223,114331.2,0.002,BTCUSDT
2025-09-29 23:58:20.233,114331.3,0.005,BTCUSDT
2025-09-29 23:58:20.238,114330.7,0.001,BTCUSDT
2025-09-29 23:58:20.238,114330.7,0.001,BTCUSDT
2025-09-29 23:58:20.327,114330.7,0.001,BTCUSDT
2025-09-29 23:58:20.327,114330.7,0.001,BTCUSDT
2025-09-29 23:58:20.327,114330.7,0.001,BTCUSDT
2025-09-29 23:58:20.327,114330.7,0.001,BTCUSDT
2025-09-29 23:58:20.327,114330.7,1.191,BTCUSDT
2025-09-29 23:58:20.327,114330.7,0.001,BTCUSDT
2025-09-29 23:58:20.327,114330.7,0.001,BTCUSDT
2025-09-29 23:58:20.327,114330.7,0.006,BTCUSDT
2025-09-29 23:58:20.327,114330.7,0.005,BTCUSDT
2025-09-29 23:58:20.327,114330.7,0.001,BTCUSDT
2025-09-29 23:58:20.327,114330.7,0.001,BTCUSDT
2025-09-29 23:58:20.327,114330.7,0.009,BTCUSDT
2025-09-29 23:58:20.327,114330.7,0.038,BTCUSDT
2025-09-29 23:58:20.327,114330.7,0.028,BTCUSDT
2025-09-29 23:58:20.327,114330.7,0.051,BTCUSDT
2025-09-29 23:58:20.334,114330.7,0.125,BTCUSDT
2025-09-29 23:58:20.334,114330.7,0.027,BTCUSDT
2025-09-29 23:58:20.334,114330.7,0.004,BTCUSDT
2025-09-29 23:58:20.334,114330.7,0.052,BTCUSDT
2025-09-29 23:58:20.334,114330.7,0.002,BTCUSDT
2025-09-29 23:58:20.334,114330.7,0.006,BTCUSDT
2025-09-29 23:58:20.334,114330.7,0.201,BTCUSDT
2025-09-29 23:58:20.453,114330.6,0.117,BTCUSDT
2025-09-29 23:58:20.456,114330.6,0.356,BTCUSDT
2025-09-29 23:58:20.456,114330.6,0.002,BTCUSDT
2025-09-29 23:58:20.456,114330.6,1.191,BTCUSDT
2025-09-29 23:58:20.456,114330.6,0.166,BTCUSDT
2025-09-29 23:58:20.456,114330.6,0.17,BTCUSDT
2025-09-29 23:58:20.456,114330.6,0.171,BTCUSDT
2025-09-29 23:58:20.456,114330.6,0.973,BTCUSDT
2025-09-29 23:58:20.456,114330.6,0.163,BTCUSDT
2025-09-29 23:58:20.456,114330.6,0.008,BTCUSDT
2025-09-29 23:58:20.456,114330.6,0.005,BTCUSDT
2025-09-29 23:58:20.456,114330.6,0.002,BTCUSDT
2025-09-29 23:58:20.456,114330.6,0.028,BTCUSDT
2025-09-29 23:58:20.456,114330.6,0.038,BTCUSDT
2025-09-29 23:58:20.456,114330.6,0.027,BTCUSDT
2025-09-29 23:58:20.456,114330.6,0.125,BTCUSDT
2025-09-29 23:58:20.456,114330.6,0.002,BTCUSDT
2025-09-29 23:58:20.458,114330.5,0.002,BTCUSDT
2025-09-29 23:58:20.458,114330.5,0.001,BTCUSDT
2025-09-29 23:58:20.458,114330.5,0.002,BTCUSDT
2025-09-29 23:58:20.458,114330.4,0.002,BTCUSDT
2025-09-29 23:58:20.458,114330.0,0.001,BTCUSDT
2025-09-29 23:58:20.458,114330.0,0.001,BTCUSDT
2025-09-29 23:58:20.458,114329.9,0.001,BTCUSDT
2025-09-29 23:58:20.458,114329.9,0.002,BTCUSDT
2025-09-29 23:58:20.458,114329.9,0.019,BTCUSDT
2025-09-29 23:58:20.460,114329.8,0.001,BTCUSDT
2025-09-29 23:58:20.460,114329.8,0.204,BTCUSDT
2025-09-29 23:58:20.460,114329.8,0.031,BTCUSDT
2025-09-29 23:58:20.460,114329.8,0.118,BTCUSDT
2025-09-29 23:58:20.466,114329.8,0.2,BTCUSDT
2025-09-29 23:58:20.466,114329.7,0.708,BTCUSDT
2025-09-29 23:58:20.468,114329.7,0.219,BTCUSDT
2025-09-29 23:58:20.468,114329.7,0.001,BTCUSDT
2025-09-29 23:58:20.468,114329.7,0.001,BTCUSDT
2025-09-29 23:58:20.468,114329.7,0.001,BTCUSDT
2025-09-29 23:58:20.468,114329.7,0.001,BTCUSDT
2025-09-29 23:58:20.468,114329.7,0.002,BTCUSDT
2025-09-29 23:58:20.468,114329.7,0.002,BTCUSDT
2025-09-29 23:58:20.468,114329.7,0.002,BTCUSDT
2025-09-29 23:58:20.468,114329.6,0.087,BTCUSDT
2025-09-29 23:58:20.468,114329.6,0.001,BTCUSDT
2025-09-29 23:58:20.470,114329.3,0.002,BTCUSDT
2025-09-29 23:58:20.470,114329.3,0.001,BTCUSDT
2025-09-29 23:58:20.470,114329.3,0.001,BTCUSDT
2025-09-29 23:58:20.470,114329.3,0.001,BTCUSDT
2025-09-29 23:58:20.470,114328.8,0.001,BTCUSDT
2025-09-29 23:58:20.470,114328.7,0.002,BTCUSDT
2025-09-29 23:58:20.470,114328.6,0.001,BTCUSDT
2025-09-29 23:58:20.470,114328.5,0.001,BTCUSDT
2025-09-29 23:58:20.470,114327.8,0.002,BTCUSDT
2025-09-29 23:58:20.470,114327.6,0.002,BTCUSDT
2025-09-29 23:58:20.470,114327.6,0.034,BTCUSDT
2025-09-29 23:58:20.470,114327.0,0.002,BTCUSDT
2025-09-29 23:58:20.470,114327.0,0.002,BTCUSDT
2025-09-29 23:58:20.470,114326.8,0.001,BTCUSDT
2025-09-29 23:58:20.470,114326.7,0.002,BTCUSDT
2025-09-29 23:58:20.470,114326.5,0.001,BTCUSDT
2025-09-29 23:58:20.470,114326.4,0.002,BTCUSDT
2025-09-29 23:58:20.470,114326.4,0.001,BTCUSDT
2025-09-29 23:58:20.511,114326.4,0.003,BTCUSDT
2025-09-29 23:58:20.710,114326.3,0.001,BTCUSDT
2025-09-29 23:58:20.867,114326.4,0.045,BTCUSDT
2025-09-29 23:58:21.000,114326.3,0.001,BTCUSDT
2025-09-29 23:58:21.000,114326.3,0.001,BTCUSDT
2025-09-29 23:58:21.000,114326.3,0.001,BTCUSDT
2025-09-29 23:58:21.000,114326.3,0.001,BTCUSDT
2025-09-29 23:58:21.000,114326.3,0.001,BTCUSDT
2025-09-29 23:58:21.000,114326.3,1.058,BTCUSDT
2025-09-29 23:58:21.000,114326.3,0.006,BTCUSDT
2025-09-29 23:58:21.000,114326.3,0.003,BTCUSDT
2025-09-29 23:58:21.000,114326.3,0.001,BTCUSDT
2025-09-29 23:58:21.000,114326.3,0.323,BTCUSDT
2025-09-29 23:58:21.000,114326.3,0.028,BTCUSDT
2025-09-29 23:58:21.000,114326.3,0.125,BTCUSDT
2025-09-29 23:58:21.000,114326.3,0.207,BTCUSDT
2025-09-29 23:58:21.000,114326.3,1.191,BTCUSDT
2025-09-29 23:58:21.000,114326.3,0.038,BTCUSDT
2025-09-29 23:58:21.000,114326.3,0.001,BTCUSDT
2025-09-29 23:58:21.000,114326.3,0.002,BTCUSDT
2025-09-29 23:58:21.000,114326.3,0.002,BTCUSDT
2025-09-29 23:58:21.000,114326.3,0.001,BTCUSDT
2025-09-29 23:58:21.000,114326.3,0.001,BTCUSDT
2025-09-29 23:58:21.000,114326.3,0.177,BTCUSDT
2025-09-29 23:58:21.000,114326.3,0.002,BTCUSDT
2025-09-29 23:58:21.000,114326.3,0.009,BTCUSDT
2025-09-29 23:58:21.003,114326.2,0.001,BTCUSDT
2025-09-29 23:58:21.003,114326.2,0.004,BTCUSDT
2025-09-29 23:58:21.003,114325.8,0.002,BTCUSDT
2025-09-29 23:58:21.003,114325.7,0.006,BTCUSDT
2025-09-29 23:58:21.003,114325.2,0.002,BTCUSDT
2025-09-29 23:58:21.003,114325.1,0.002,BTCUSDT
2025-09-29 23:58:21.003,114325.1,0.002,BTCUSDT
2025-09-29 23:58:21.003,114324.6,0.002,BTCUSDT
2025-09-29 23:58:21.003,114324.5,0.002,BTCUSDT
2025-09-29 23:58:21.004,114324.2,0.001,BTCUSDT
2025-09-29 23:58:21.004,114324.2,0.001,BTCUSDT
2025-09-29 23:58:21.004,114324.2,0.033,BTCUSDT
2025-09-29 23:58:21.004,114324.2,0.032,BTCUSDT
2025-09-29 23:58:21.004,114324.2,0.035,BTCUSDT
2025-09-29 23:58:21.005,114324.2,0.035,BTCUSDT
2025-09-29 23:58:21.675,114324.1,0.008,BTCUSDT
2025-09-29 23:58:21.843,114324.2,0.045,BTCUSDT
2025-09-29 23:58:22.109,114324.2,0.013,BTCUSDT
2025-09-29 23:58:22.260,114324.1,0.001,BTCUSDT
2025-09-29 23:58:22.277,114324.2,0.001,BTCUSDT
2025-09-29 23:58:22.391,114324.1,0.087,BTCUSDT
2025-09-29 23:58:22.431,114324.1,0.081,BTCUSDT
2025-09-29 23:58:22.431,114324.1,0.001,BTCUSDT
2025-09-29 23:58:22.431,114324.1,0.134,BTCUSDT
2025-09-29 23:58:22.840,114324.2,0.046,BTCUSDT
2025-09-29 23:58:22.920,114324.1,0.017,BTCUSDT
2025-09-29 23:58:23.802,114324.1,0.043,BTCUSDT
2025-09-29 23:58:23.888,114324.1,0.059,BTCUSDT
2025-09-29 23:58:23.906,114324.2,0.001,BTCUSDT
2025-09-29 23:58:23.955,114324.2,0.047,BTCUSDT
2025-09-29 23:58:24.064,114324.2,0.097,BTCUSDT
2025-09-29 23:58:24.304,114324.1,0.011,BTCUSDT
2025-09-29 23:58:24.520,114324.1,0.001,BTCUSDT
2025-09-29 23:58:24.539,114324.1,0.004,BTCUSDT
2025-09-29 23:58:24.588,114324.1,0.005,BTCUSDT
2025-09-29 23:58:24.742,114324.1,0.005,BTCUSDT
2025-09-29 23:58:24.819,114324.1,0.044,BTCUSDT
2025-09-29 23:58:24.819,114324.1,0.056,BTCUSDT
2025-09-29 23:58:24.822,114324.1,0.4,BTCUSDT
